@article{gottlieb2009high,
  title={High order strong stability preserving time discretizations},
  author={Gottlieb, Sigal and Ketcheson, David I and Shu, Chi-Wang},
  journal={Journal of Scientific Computing},
  volume={38},
  number={3},
  pages={251--289},
  year={2009},
  publisher={Springer}
}

@article{duraisamy2007implicit,
  title={Implicit scheme for hyperbolic conservation laws using nonoscillatory reconstruction in space and time},
  author={Duraisamy, Karthikeyan and Baeder, James D},
  journal={SIAM Journal on Scientific Computing},
  volume={29},
  number={6},
  pages={2607--2620},
  year={2007},
  publisher={SIAM}
}

@article{ketcheson2013spatially,
  title={Spatially Partitioned Embedded Runge--Kutta Methods},
  author={Ketcheson, David I and MacDonald, Colin B and Ruuth, Steven J},
  journal={SIAM Journal on Numerical Analysis},
  volume={51},
  number={5},
  pages={2887--2910},
  year={2013},
  publisher={SIAM}
}

@article{duraisamy2003concepts,
  title={Concepts and application of time-limiters to high resolution schemes},
  author={Duraisamy, Karthikeyan and Baeder, James D and Liu, Jian-Guo},
  journal={Journal of scientific computing},
  volume={19},
  number={1-3},
  pages={139--162},
  year={2003},
  publisher={Springer}
}

@book{gottlieb2011strong,
  title={Strong stability preserving Runge-Kutta and multistep time discretizations},
  author={Gottlieb, Sigal and Ketcheson, David I and Shu, Chi-Wang},
  year={2011},
  publisher={World Scientific}
}

@article{kopecz2018unconditionally,
  title={Unconditionally positive and conservative third order modified Patankar--Runge--Kutta discretizations of production--destruction systems},
  author={Kopecz, Stefan and Meister, Andreas},
  journal={BIT Numerical Mathematics},
  volume={58},
  number={3},
  pages={691--728},
  year={2018},
  publisher={Springer}
}

@inproceedings{ortleb2017patankar,
  title={Patankar-type Runge-Kutta schemes for linear PDEs},
  author={Ortleb, Sigrun and Hundsdorfer, Willem},
  booktitle={AIP Conference Proceedings},
  volume={1863},
  number={1},
  pages={320008},
  year={2017},
  organization={AIP Publishing}
}
