@book{kuzmin2012flux,
  title={Flux-corrected transport: principles, algorithms, and applications},
  author={Kuzmin, Dmitri and L{\"o}hner, Rainald and Turek, Stefan},
  year={2012},
  publisher={Springer}
}

@article{guermond2014second,
  title={A second-order maximum principle preserving Lagrange finite element technique for nonlinear scalar conservation equations},
  author={Guermond, Jean-Luc and Nazarov, Murtazo and Popov, Bojan and Yang, Yong},
  journal={SIAM Journal on Numerical Analysis},
  volume={52},
  number={4},
  pages={2163--2182},
  year={2014},
  publisher={SIAM}
}

@article{lohmann2017flux,
  title={Flux-corrected transport algorithms for continuous Galerkin methods based on high order Bernstein finite elements},
  author={Lohmann, Christoph and Kuzmin, Dmitri and Shadid, John N and Mabuza, Sibusiso},
  journal={Journal of Computational Physics},
  volume={344},
  pages={151--186},
  year={2017},
  publisher={Elsevier}
}

@article{guermond2017effect,
  title={The effect of the consistent mass matrix on the maximum-principle for scalar conservation equations},
  author={Guermond, Jean-Luc and Popov, Bojan and Yang, Yong},
  journal={Journal of Scientific Computing},
  volume={70},
  number={3},
  pages={1358--1366},
  year={2017},
  publisher={Springer}
}

@article{zalesak1979fully,
  title={Fully multidimensional flux-corrected transport algorithms for fluids},
  author={Zalesak, Steven T},
  journal={Journal of computational physics},
  volume={31},
  number={3},
  pages={335--362},
  year={1979},
  publisher={Elsevier}
}

@article{boris1973flux,
  title={Flux-corrected transport. I. SHASTA, a fluid transport algorithm that works},
  author={Boris, Jay P and Book, David L},
  journal={Journal of computational physics},
  volume={11},
  number={1},
  pages={38--69},
  year={1973},
  publisher={Elsevier}
}