@article{kasimov2008stationary,
  title={A stationary circular hydraulic jump, the limits of its existence and its gasdynamic analogue},
  author={Kasimov, Aslan R},
  journal={Journal of Fluid Mechanics},
  volume={601},
  pages={189--198},
  year={2008},
  publisher={Cambridge University Press}
}
	      
@article{watson1964radial,
  title={The radial spread of a liquid jet over a horizontal plane},
  author={Watson, EJ},
  journal={Journal of Fluid Mechanics},
  volume={20},
  number={3},
  pages={481--499},
  year={1964},
  publisher={Cambridge University Press}
}

@article{rayleigh1914theory,
  title={On the theory of long waves and bores},
  author={Rayleigh, Lord},
  journal={Proceedings of the Royal Society of London. Series A, Containing Papers of a Mathematical and Physical Character},
  volume={90},
  number={619},
  pages={324--328},
  year={1914},
  publisher={JSTOR}
}

@article{craik1981circular,
  title={The circular hydraulic jump},
  author={Craik, ADD and Latham, RC and Fawkes, MJ and Gribbon, PWF},
  journal={Journal of Fluid Mechanics},
  volume={112},
  pages={347--362},
  year={1981},
  publisher={Cambridge University Press}
}

@article{ishigai1977heat,
  title={Heat transfer of the impinging round water jet in the interference zone of film flow along the wall},
  author={Ishigai, Seikan and Nakanishi, Shigeyasu and Mizuno, Minoru and Imamura, Toyoo},
  journal={Bulletin of JSME},
  volume={20},
  number={139},
  pages={85--92},
  year={1977},
  publisher={The Japan Society of Mechanical Engineers}
}

@book{errico1986study,
  title={A study of the interaction of liquid jets with solid surfaces},
  author={Errico, Mario},
  year={1986}
}

@article{liu1993hydraulic,
  title={The hydraulic jump in circular jet impingement and in other thin liquid films},
  author={Liu, X and Lienhard, JH},
  journal={Experiments in Fluids},
  volume={15},
  number={2},
  pages={108--116},
  year={1993},
  publisher={Springer}
}

@article{andersen2010separation,
  title={Separation vortices and pattern formation},
  author={Andersen, Anders and Bohr, Tomas and Schnipper, Teis},
  journal={Theoretical and Computational Fluid Dynamics},
  volume={24},
  number={1-4},
  pages={329--334},
  year={2010},
  publisher={Springer}
}

@article{martens2012model,
  title={Model for polygonal hydraulic jumps},
  author={Martens, Erik A and Watanabe, Shinya and Bohr, Tomas},
  journal={Physical Review E},
  volume={85},
  number={3},
  pages={036316},
  year={2012},
  publisher={APS}
}

@article{bush2003influence,
  title={The influence of surface tension on the circular hydraulic jump},
  author={Bush, John WM and Aristoff, Jeffrey M},
  journal={Journal of Fluid Mechanics},
  volume={489},
  pages={229--238},
  year={2003},
  publisher={Cambridge University Press}
}

@article{yokoi2000relationships,
  title={Relationships between a roller and a dynamic pressure distribution in circular hydraulic jumps},
  author={Yokoi, Kensuke and Xiao, Feng},
  journal={Physical Review E},
  volume={61},
  number={2},
  pages={R1016},
  year={2000},
  publisher={APS}
}

@article{labousse2013hydraulic,
  title={The hydraulic bump: The surface signature of a plunging jet},
  author={Labousse, Matthieu and Bush, John WM},
  journal={Physics of Fluids},
  volume={25},
  number={9},
  pages={229--238},
  year={2013},
  publisher={AIP}
}

@article{watanabe2003integral,
  title={Integral methods for shallow free-surface flows with separation},
  author={Watanabe, Shinya and Putkaradze, Vachtang and Bohr, Tomas},
  journal={Journal of fluid mechanics},
  volume={480},
  pages={233--265},
  year={2003},
  publisher={Cambridge University Press}
}

% Experiments on polygonal jumps %
@article{ellegaard1998creating,
  title={Creating corners in kitchen sinks},
  author={Ellegaard, Clive and Hansen, Adam Espe and Haaning, Anders and Hansen, Kim and Marcussen, Anders and Bohr, Tomas and Hansen, Jonas Lundbek and Watanabe, Shinya},
  journal={Nature},
  volume={392},
  number={6678},
  pages={767},
  year={1998},
  publisher={Nature Publishing Group}
}

@article{ellegaard1999cover,
  title={Cover illustration: Polygonal hydraulic jumps},
  author={Ellegaard, Clive and Hansen, Adam Espe and Haaning, Anders and Hansen, Kim and Marcussen, Anders and Bohr, Tomas and Hansen, Jonas Lundbek and Watanabe, Shinya},
  journal={Nonlinearity},
  volume={12},
  number={1},
  pages={1},
  year={1999},
  publisher={IOP Publishing}
}

@article{ellegaard1996experimental,
  title={Experimental results on flow separation and transitions in the circular hydraulic jump},
  author={Ellegaard, Clive and Hansen, Adam Espe and Haaning, Anders and Bohr, Tomas},
  journal={Physica Scripta},
  volume={1996},
  number={T67},
  pages={105},
  year={1996},
  publisher={IOP Publishing}
}

@article{bohr1996hydraulic,
  title={Hydraulic jumps, flow separation and wave breaking: an experimental study},
  author={Bohr, Tomas and Ellegaard, Clive and Hansen, Adam Espe and Haaning, Anders},
  journal={Physica B: Condensed Matter},
  volume={228},
  number={1-2},
  pages={1--10},
  year={1996},
  publisher={Elsevier}
}

@article{bush2006experimental,
  title={An experimental investigation of the stability of the circular hydraulic jump},
  author={Bush, John WM and Aristoff, Jeffrey M and Hosoi, AE},
  journal={Journal of Fluid Mechanics},
  volume={558},
  pages={33--52},
  year={2006},
  publisher={Cambridge University Press}
}
%%%%%%%%%%%%%%%%%%%%%%%%%%%%%%%%%%%%

% Numerical simulations
@article{yokoi2002mechanism,
  title={Mechanism of structure formation in circular hydraulic jumps: Numerical studies of strongly deformed free-surface shallow flows},
  author={Yokoi, Kenuke and Xiao, Feng},
  journal={Physica D: Nonlinear Phenomena},
  volume={161},
  number={3-4},
  pages={202--219},
  year={2002},
  publisher={Elsevier}
}

@article{yokoi1999numerical,
  title={A numerical study of the transition in the circular hydraulic jump},
  author={Yokoi, Kensuke and Xiao, Feng},
  journal={Physics Letters A},
  volume={257},
  number={3-4},
  pages={153--157},
  year={1999},
  publisher={Elsevier}
}


@article{passandideh2011numerical,
  title={Numerical study of circular hydraulic jump using volume-of-fluid method},
  author={Passandideh-Fard, Mohammad and Teymourtash, Ali Reza and Khavari, Mohammad},
  journal={Journal of Fluids Engineering},
  volume={133},
  number={1},
  pages={011401},
  year={2011},
  publisher={American Society of Mechanical Engineers}
}